@misc{intranetWiki,
      author = "Wikipedia",
      title = "Intranet",
      month = "Listopad",
      year = "2015",
      howpublished = "\url{https://en.wikipedia.org/wiki/Intranet}"
}

@misc{ecmascriptWiki,
      author = "Wikipedia",
      title = "ECMAScript",
      month = "Listopad",
      year= "2015",
      howpublished = "\url{https://en.wikipedia.org/wiki/ECMAScript}"
}

@book{stefanov10,
    author    = "Stoyan Stefanov",
    title     = "JavaScript programowanie obiektowe",
    year      = "2010",
    publisher = "Wydawnictwo Helion",
    address   = "Gliwice"
}